@book{wmoGuide,
  author = {{World Meteorological Organization}},
  title = {Guide to Meteorological Instruments and Methods of Observation},
  year = {2018},
  publisher = {World Meteorological Organization},
  note = {WMO-No. 8}
}
@inbook{wmoChapter8,
  author = {{World Meteorological Organization}},
  title = {Surface Wind Measurement},
  booktitle = {Guide to Meteorological Instruments and Methods of Observation},
  year = {2018},
  publisher = {World Meteorological Organization},
  pages = {Chapter 5},
  note = {WMO-No. 8}
}
@misc{CursoDeObsevadores,
  author = {Curso de Observaciones Meteorológicas - Centro regional de formación},
  title = {Parte 1 - Viento},
  year = {2022},
  url = {https://crf.smn.gob.ar/},
}

@misc{proyectoCIAA,
  author = {{Proyecto CIAA}},
  title = {Proyecto CIAA: Computadora Industrial Abierta Argentina},
  howpublished = {\url{https://www.proyecto-ciaa.com.ar/}},
  year = {2024},
  note = {Accedido: 1 de julio de 2024}
}

@misc{W5100Datasheet,
  author = {WIZnet},
  title = {W5100 Datasheet},
  year = {2024},
  url = {https://ar.mouser.com/datasheet/2/443/W5100_Datasheet_v1.2.5-586411.pdf},
  note = {Consultado el: 2 de Julio de 2024}
}

@misc{EEVblog225,
  author = {EEVblog},
  title = {EEVblog \#225 - Lab Power Supply Design Part 4 - PWM Control},
  howpublished = {YouTube},
  url = {https://www.youtube.com/watch?v=YaRDbw38x7Q},
  year = {2024},
  note = {Accedido: 4 de julio de 2024}
}

@misc{CIAA_Ponchos,
  author = {Proyecto CIAA},
  title = {Ponchos de la CIAA - Desarrollo},
  howpublished = {Sitio web},
  url = {https://www.proyecto-ciaa.com.ar/devwiki/doku.php%3Fid=desarrollo:ciaa:ponchos.html},
  year = {2024},
  note = {Accedido: 10 de julio de 2024, git clone https://github.com/ciaa/Ponchos}
}

@misc{ciaa2024,
  author = {CIAA Project},
  title = {firmware\_v3: Framework para desarrollo de Firmware de Sistemas Embebidos en C/C++},
  howpublished = {GitHub},
  url = {https://github.com/ciaa/firmware_v3},
  year = {2024},
  note = {Accedido: 10 de julio de 2024}
}
@misc{wiznet2024,
  author = {Wiznet},
  title = {ioLibrary\_Driver: Ethernet/W5100/w5100.c},
  howpublished = {GitHub},
  url = {https://github.com/Wiznet/ioLibrary_Driver/blob/master/Ethernet/W5100/w5100.c},
  year = {2024},
  note = {Accedido: 15 de julio de 2024}
}